
@book{ab_long-term_2006,
	title = {Long-term Safety for {KBS-3} Repositories at Forsmark and Laxemar-a First Evaluation: Main Report of the {SR-Can} Project},
	shorttitle = {Long-term Safety for {KBS-3} Repositories at Forsmark and Laxemar–a First Evaluation},
	publisher = {{SKB}},
	author = {{AB}, Svensk karnbranslehantering},
	month = nov,
	year = {2006},
	file = {SKB2006:/Users/khuff/Library/Application Support/Zotero/Profiles/tn3czg9z.default/zotero/storage/G9CAT8JI/SKB2006:application/pdf}
},

@article{brewitz_long-term_2002,
	title = {Long-term performance of spent fuel in geological repositories},
	volume = {3},
	issn = {1631-0705},
	url = {http://www.sciencedirect.com/science/article/pii/S1631070502013592},
	doi = {16/S1631-0705(02)01359-2},
	number = {7-8},
	urldate = {2011-07-18},
	journal = {Comptes Rendus Physique},
	author = {Brewitz, Wernt and Noseck, Ulrich},
	month = sep,
	year = {2002},
	keywords = {backfill, carburant consommé, essais in-situ, granit, granitic rock, heating experiment, in-situ testing, performance assessment, roche salifère, rock salt, spent fuel disposal, validation de performances},
	pages = {879--889},
	file = {ScienceDirect Full Text PDF:/Users/khuff/Library/Application Support/Zotero/Profiles/tn3czg9z.default/zotero/storage/BBU66AKB/Brewitz and Noseck - Long-term performance of spent fuel in geological .pdf:application/pdf;ScienceDirect Snapshot:/Users/khuff/Library/Application Support/Zotero/Profiles/tn3czg9z.default/zotero/storage/IRPGUDBT/S1631070502013592.html:text/html}
},

@misc{wilson_cyclus:_2012,
	title = {Cyclus: A Nuclear Fuel Cycle Code from the University of Wisconsin Madison},
	url = {cyclus.github.com},
	urldate = {2011-01-09},
	journal = {Cyclus: A Nuclear Fuel Cycle Code from the University of Wisconsin Madison},
	author = {Wilson, Paul P. H. and Huff, Kathryn and Gidden, Matthew and Carlsen, Robert},
	year = {2012},
	howpublished = {cyclus.github.com}
},

@techreport{hardin_generic_2011,
	address = {Sandia},
	title = {Generic Repository Design Concepts and Thermal Analysis  - 8.8.2011 Draft},
	number = {{FCRD-USED-2011-000143}},
	institution = {Department of Energy Office of Used Fuel Disposition},
	author = {Hardin, E and Blink, J and Greenberg, Harris and Sutton, Mark and Fratoni, Massimo and Carter, Joe and Dupont, Mark and Howard, Rob},
	month = aug,
	year = {2011},
	file = {[PDF] from sandia.gov:/Users/khuff/Library/Application Support/Zotero/Profiles/tn3czg9z.default/zotero/storage/I8J4KN5W/Hardin et al. - Generic Repository Design Concepts and Thermal Ana.pdf:application/pdf;hardin_generic_2011.pdf:/Users/khuff/Library/Application Support/Zotero/Profiles/tn3czg9z.default/zotero/storage/GKCWDX92/hardin_generic_2011.pdf:application/pdf}
},

@article{avila_transient_2000,
	title = {Transient thermal response in nuclear waste repositories},
	volume = {198},
	issn = {0029-5493},
	url = {http://www.sciencedirect.com/science/article/B6V4D-40GJ7T0-9/2/a50bdbf730e3fd555d7905215bb0fc7a},
	doi = {10.1016/S0029-5493(99)00311-8},
	number = {3},
	urldate = {2011-05-18},
	journal = {Nuclear Engineering and Design},
	author = {Avila, R. and Cervantes, J. and Estrada-Gasca, C.},
	month = jun,
	year = {2000},
	pages = {307--316},
	file = {ScienceDirect Snapshot:/Users/khuff/Library/Application Support/Zotero/Profiles/tn3czg9z.default/zotero/storage/8IWEU3D8/science.html:text/html}
},

@book{radel_repository_2007,
	title = {Repository modeling for fuel cycle scenario analysis},
	publisher = {University of Wisconsin -- Madison},
	author = {Radel, T. E},
	year = {2007},
	file = {NEEP-MS-TracyRadel.pdf:/Users/khuff/Library/Application Support/Zotero/Profiles/tn3czg9z.default/zotero/storage/T623MXJB/NEEP-MS-TracyRadel.pdf:application/pdf}
},

@book{von_lensa_red-impact_2008,
	title = {{RED-IMPACT} Impact of Partitioning, Transmutation and Waste Reduction Technologies on the Final Nuclear Waste Disposal},
	isbn = {3893365389},
	publisher = {Forschungszentrum Julich},
	author = {von Lensa, W. and Nabbi, R. and Rossbach, M.},
	year = {2008},
	file = {redImpactAssessment.pdf:/Users/khuff/Library/Application Support/Zotero/Profiles/tn3czg9z.default/zotero/storage/QBK9U5V5/redImpactAssessment.pdf:application/pdf}
},

@article{durham_thermal_1987,
	title = {Thermal diffusivity of igneous rocks at elevated pressure and temperature},
	volume = {92},
	copyright = {Copyright 1987 by the American Geophysical Union.},
	issn = {2156-2202},
	url = {http://onlinelibrary.wiley.com/doi/10.1029/JB092iB11p11615/abstract},
	doi = {10.1029/JB092iB11p11615},
	language = {en},
	number = {B11},
	urldate = {2013-01-25},
	journal = {Journal of Geophysical Research: Solid Earth},
	author = {Durham, W. B. and Mirkovich, V. V. and Heard, H. C.},
	year = {1987},
	pages = {11615–11634},
	file = {durham_thermal_1987.pdf:/Users/khuff/Library/Application Support/Zotero/Profiles/tn3czg9z.default/zotero/storage/MGA5IRG6/durham_thermal_1987.pdf:application/pdf;Snapshot:/Users/khuff/Library/Application Support/Zotero/Profiles/tn3czg9z.default/zotero/storage/BB8BR896/Durham et al. - 1987 - Thermal diffusivity of igneous rocks at elevated p.html:text/html}
},

@article{kim_thermal_2007,
	title = {Thermal Properties of Granite from Korea},
	volume = {11},
	url = {http://adsabs.harvard.edu/abs/2007AGUFM.T11B0576K},
	urldate = {2013-01-25},
	journal = {{AGU} Fall Meeting Abstracts},
	author = {Kim, J. and Lee, Y. and Koo, M.},
	month = dec,
	year = {2007},
	keywords = {5134 Thermal properties, 5418 Heat flow, 8130 Heat generation and transport, 9320 Asia, 9611 Jurassic},
	pages = {0576}
},

@techreport{nieland_storage_2001,
	type = {Topical Report},
	title = {Storage of chilled natural gas in bedded salt storage caverns: Economic and technical feasibility},
	shorttitle = {Storage of chilled natural gas in bedded salt storage caverns},
	number = {{RSI-1354} {DE-AC26-97FT34350}},
	institution = {United States Department of Energy National Energy Technology Laboratory 626 Cochrans Mill Road Pittsburgh, Pennsylvania  15236},
	author = {Nieland, J. D. and Mellegard, K. D. and Schalge, Roger S. and Kaiser, Hugh D.},
	month = nov,
	year = {2001},
	file = {neiland_storage_2001.pdf:/Users/khuff/Library/Application Support/Zotero/Profiles/tn3czg9z.default/zotero/storage/IQH2ZTDB/neiland_storage_2001.pdf:application/pdf}
},

@misc{gaski_sinda_1987,
	address = {Fountain Valley, {CA}},
	title = {{SINDA} system improved numerical differencing analyzer},
	publisher = {network analysis associate},
	author = {Gaski, J},
	year = {1987},
	keywords = {dissertation, prelim, thermal}
},

@inproceedings{greenberg_application_2012,
	address = {Phoenix, {AZ}},
	title = {Application of Analytical Heat Transfer Models of Multi-layered Natural and Engineered Barriers in Potential High-Level Nuclear Waste Repositories},
	shorttitle = {12435},
	url = {http://www.wmsym.org/app/2012cd/papers/12435.pdf},
	booktitle = {{WM2012}},
	author = {Greenberg, Harris and Blink, James and Fratoni, Massimiliano and Sutton, Mark and Ross, Amber},
	month = mar,
	year = {2012},
	note = {{LLNL-CONF-511672}},
	file = {greenberg_application_2012.pdf:/Users/khuff/Library/Application Support/Zotero/Profiles/tn3czg9z.default/zotero/storage/2CUTT525/greenberg_application_2012.pdf:application/pdf}
},

@techreport{carter_fuel_2011,
	title = {Fuel cycle potential waste inventory for disposition},
	institution = {{FCR\&D-USED-2010-000031}, Rev. 3},
	author = {Carter, J. T. and Luptak, A. J. and Gastelum, J. and Stockman, C. and Miller, A.},
	year = {2011},
	file = {carter_fuel_2011.pdf:/Users/khuff/Library/Application Support/Zotero/Profiles/tn3czg9z.default/zotero/storage/MX2FIJCU/carter_fuel_2011.pdf:application/pdf}
},

@misc{huff_cyder_2013,
	address = {Madison, {WI}, United States},
	title = {Cyder : A Generic Geology Repository Performance Library},
	copyright = {New {BSD} 2010},
	url = {katyhuff.github.com/cyder},
	publisher = {University of Wisconsin -- Madison},
	author = {Huff, Kathryn D.},
	year = {2013}
},

@misc{kossik_goldsim_2006,
	title = {{GoldSim} Graphical Simulation Environment User's Guide},
	publisher = {{GoldSim} Technology Group},
	author = {Kossik, {R.F.} and Miller, I. and Knopf, S.},
	year = {2006}
},

@incollection{surma_porosity_2003,
	series = {Pageoph Topical Volumes},
	title = {Porosity and Thermal Conductivity of the Soultz-sous-Forêts Granite},
	copyright = {©2003 {BirkhäuserVerlag}},
	isbn = {978-3-7643-0253-5, 978-3-0348-8083-1},
	url = {http://link.springer.com/chapter/10.1007/978-3-0348-8083-1_20},
	language = {en},
	urldate = {2013-01-31},
	booktitle = {Thermo-Hydro-Mechanical Coupling in Fractured Rock},
	publisher = {Birkhäuser Basel},
	author = {Surma, Fabrice and Geraud, Yves},
	editor = {Kümpel, Hans-Joachim},
	month = jan,
	year = {2003},
	keywords = {Classical Continuum Physics, Geology, granite, optical scanning, Porosity, Soultz-sous-Forêts, thermal conductivity, weathering},
	pages = {1125--1136},
	file = {Snapshot:/Users/khuff/Library/Application Support/Zotero/Profiles/tn3czg9z.default/zotero/storage/8WBR7THI/10.html:text/html}
}
